<?xml version="1.0" encoding="UTF-8"?><collection xmlns="http://www.loc.gov/MARC21/slim"><record><leader>00476nam--2200133-i-4500</leader><controlfield tag="001">000002031</controlfield><controlfield tag="002">20161230</controlfield><controlfield tag="005">20161230201024</controlfield><controlfield tag="008">060222s1000------------r-----000-0-eng-d</controlfield><datafield ind1=" " ind2=" " tag="100"><subfield code="a">Gjaerevoll, Olav</subfield></datafield><datafield ind1=" " ind2=" " tag="245"><subfield code="a">Botanical investigations in central alaska, especially in the white mountains. part i.pteridophytes and monocotyledones</subfield></datafield><datafield ind1=" " ind2=" " tag="260"><subfield code="a">Trindhein, I Kommis.Hos F.Bruns Bokhandel, 1958. 74 P</subfield></datafield><datafield ind1=" " ind2=" " tag="490"><subfield code="a">Det Kgl Norske Videnskabers Selskabs Skrifter 1958</subfield></datafield><datafield ind1=" " ind2=" " tag="852"><subfield code="a">6143</subfield></datafield></record></collection>